% Encoding: UTF-8

@Book{Stevens2015,
  author    = {Stevens, B.L. and Lewis, F.L. and Johnson, E.N.},
  publisher = {Wiley},
  title     = {Aircraft Control and Simulation: Dynamics, Controls Design, and Autonomous Systems},
  year      = {2015},
  isbn      = {9781119174882},
  url       = {https://books.google.com.eg/books?id=boybCgAAQBAJ},
}

@Book{Blakelock1991,
  author    = {Blakelock, J.H.},
  publisher = {Wiley},
  title     = {Automatic Control of Aircraft and Missiles},
  year      = {1991},
  isbn      = {9780471506515},
  series    = {A Wiley-Interscience publication},
  lccn      = {lc90012393},
  url       = {https://books.google.com.eg/books?id=ubcczZUDCsMC},
}

@Book{Sadraey2020,
  author    = {Sadraey, M.H.},
  publisher = {John Wiley \& Sons Canada, Limited},
  title     = {Unmanned Aircraft Design Techniques},
  year      = {2020},
  isbn      = {9781119508618},
  series    = {Aerospace Series},
  url       = {https://books.google.com.eg/books?id=IX9IzQEACAAJ},
}

@Comment{jabref-meta: databaseType:bibtex;}
